@online{ Cloudflare_Pingora,
    author = {Cloudflare},
    title = {Open sourcing Pingora: our Rust framework for building programmable network services},
    url = {https://blog.cloudflare.com/pingora-open-source},
    urldate = {2024-08-14}
}

@online{ Discord,
	author = {Discord},
	title = {Why Discord is switching from Go to Rust},
	url = {https://discord.com/blog/why-discord-is-switching-from-go-to-rust},
	urldate = {2024-08-14}
}
@online{ Techstack_Udemy,
    author = {Udemy},
    title = {Tge Udemy Techstack},
    url = {https://stackshare.io/udemy/udemy},
    urldate = {2024-08-14}
}
@online{ DB_Job_Description,
    author = {DB Jobs},
    title = {Einstiegsmöglichkeiten für IT Professionals!},
    url = {https://db.jobs/de-de/dein-einstieg/akademische-professionals/it},
    urldate = {2024-08-14}
}

@misc{ Spring_Boot_stackshare,
    author = {Stackshare},
    title = {Spring Boot},
    url = {https://stackshare.io/spring-boot},
    urldate = {2024-08-14}
}

@online{ Rust_Stackshare,
    author = {Stackshare},
    title = {Rust},
    url = {https://stackshare.io/rust},
    urldate = {2024-08-14}
}
@online{ Actix_Github,
    author = {Actix Team},
    title = {Actix Github Repository},
    url = {https://github.com/actix/actix-web},
    urldate = {2024-08-15}
}

@online{ Flosse_Web_Framework_Comparison,
    author = {Flosse},
    title = {Web Framework Comparison},
    url = {https://github.com/flosse/rust-web-framework-comparison},
    urldate = {2024-08-15}
}